@ONLINE {Smartphone_multiproc,
    author = "Stuart Robinson",
    title  = "Multi-Core Processors to Penetrate 45 Percent of Smartphones by 2015",
    month  = 5,
    year   = "2014",
    url    = "https://www.strategyanalytics.com/strategy-analytics/news/strategy-analytics-press-releases/strategy-analytics-press-release/2014/05/19/multi-core-processors-to-penetrate-45-percent-of-smartphones-by-2015",
    urldate = {24.11.2015}
}

@phdthesis{muhlmann2002,
  title={Design und Implementierung eines Systems zur schnellen Rekonstruktion dreidimensionaler Modelle aus Stereobildern},
  author={M{\"u}hlmann, Karsten},
  year={2002},
  month=8,
  school={Universit{\"a}t Mannheim},
}

@misc{werner2002,
  title={Ein optimierter Algorithmus zur Berechnung der Disparit{\"a}ten aus Stereobilddaten und dessen Hardware-Implementation},
  author={Werner, Christian},
  year={2002}
}

@article{cornero2013multiprocessing,
  title={Multiprocessing in Mobile Platforms: The Marketing and The Reality},
  author={Cornero, Marco and Anyuru, Andreas},
  journal={Capturado em: www. stericsson. com/technologies/FD-SOI-eQuad-white-paper. pdf},
  year={2013}
}

@article{slabaugh2010multicore,
  title={Multicore image processing with openmp [applications corner]},
  author={Slabaugh, Greg and Boyes, Richard and Yang, Xiaoyun},
  journal={Signal Processing Magazine, IEEE},
  volume={27},
  number={2},
  pages={134--138},
  year={2010},
  publisher={IEEE}
}

@article{kika2013multithreading,
  title={Multithreading Image Processing in Single-core and Multicore CPU using Java},
  author={Kika, Alda and Greca, Silvana},
  journal={International Journal of Advanced Computer Science and Applications},
  volume={4},
  number={9},
  year={2013},
  publisher={Citeseer}
} 

@ONLINE {codeworks,
    title  = "NVIDIA CodeWorks for Android",
    url    = "https://developer.nvidia.com/codeworks-android",
    urldate = {25.11.2015}
}


@phdthesis{patil2009evaluation,
  title={Evaluation Of Multi-Core Architectures For Image Processing Algorithms},
  author={Patil, Trupti},
  year={2009},
  school={Clemson University}
}